<record><leader>00000cas a22000007a 4500</leader><controlfield tag="001">31998071</controlfield><controlfield tag="008">950215d18831884cauwr ne      0    0eng d</controlfield><datafield ind1=" " ind2=" " tag="010"><subfield code="a">sn 95062560 </subfield></datafield><datafield ind1=" " ind2=" " tag="040"><subfield code="a">CUY</subfield><subfield code="b">eng</subfield><subfield code="c">CNK</subfield><subfield code="d">OCLCQ</subfield></datafield><datafield ind1=" " ind2=" " tag="042"><subfield code="a">msc</subfield></datafield><datafield ind1=" " ind2=" " tag="043"><subfield code="a">n-us-ca</subfield></datafield><datafield ind1="0" ind2=" " tag="130"><subfield code="a">North coast review (Kibesillah, Calif.)</subfield></datafield><datafield ind1="1" ind2="0" tag="245"><subfield code="a">North coast review.</subfield></datafield><datafield ind1=" " ind2=" " tag="260"><subfield code="a">Kibesillah, Mendocino County, Cal. :</subfield><subfield code="b">William Heeser</subfield></datafield><datafield ind1=" " ind2=" " tag="300"><subfield code="a">v.</subfield></datafield><datafield ind1=" " ind2=" " tag="310"><subfield code="a">Weekly</subfield></datafield><datafield ind1="1" ind2=" " tag="362"><subfield code="a">Began in 1883.</subfield></datafield><datafield ind1="0" ind2=" " tag="362"><subfield code="a">-v. 2, no. 4 (June 3, 1884).</subfield></datafield><datafield ind1=" " ind2=" " tag="588"><subfield code="a">Description based on: Vol. 1, no. 3 (June 2, 1883).</subfield></datafield><datafield ind1=" " ind2="0" tag="651"><subfield code="a">Kibesillah (Calif.)</subfield><subfield code="v">Newspapers.</subfield></datafield><datafield ind1=" " ind2=" " tag="752"><subfield code="a">United States</subfield><subfield code="b">California</subfield><subfield code="c">Mendocino</subfield><subfield code="d">Kibesillah.</subfield></datafield><datafield ind1="1" ind2=" " tag="029"><subfield code="a">AU@</subfield><subfield code="b">000011579454</subfield></datafield></record>